@article{Student1908,
  title = {The Probable Error of a Mean},
  author = {Student, A.},
  year = {1908},
  journal = {Biometrika},
  volume = {6},
  pages = {1--2},
  keywords = {‚ùì Multiple DOI}
}

@article{mehr20165,
  title = {For 5-Month-Old Infants, Melodies Are Social},
  author = {Mehr, Samuel A and Song, Lee Ann and Spelke, Elizabeth S},
  year = {2016},
  journal = {Psychological Science},
  volume = {27},
  number = {4},
  pages = {486--501},
  publisher = {{SAGE Publications Sage CA: Los Angeles, CA}},
  doi = {10.1177/0956797615626691}
}